@article{brank2017annotating,
  title={Annotating documents with relevant {W}ikipedia concepts},
  author={Brank, Janez and Leban, Gregor and Grobelnik, Marko},
  journal={Proceedings of SiKDD},
  volume={472},
  year={2017}
}

@inproceedings{wang2016using,
  title={Using prerequisites to extract concept maps from textbooks},
  author={Wang, Shuting and Ororbia II, Alexander and Wu, Zhaohui and Williams, Kyle and Liang, Chen and Pursel, Bart and Giles, C Lee},
  booktitle={Proceedings of the 25th acm international on conference on information and knowledge management},
  pages={317-326},
  year={2016}
}

@inproceedings{talukdar2012crowdsourced,
  title={Crowdsourced comprehension: predicting prerequisite structure in wikipedia},
  author={Talukdar, Partha and Cohen, William},
  booktitle={Proceedings of the Seventh Workshop on Building Educational Applications Using NLP},
  pages={307-315},
  year={2012}
}

@inproceedings{hwang2021comet,
	title={(Comet-) Atomic 2020: On Symbolic and Neural Commonsense Knowledge Graphs},
	author={Hwang, Jena D. and Bhagavatula, Chandra and et al.},
	booktitle={The Thirty-Fifth AAAI Conference on Artificial Intelligence},
	pages={6384-6392},
	year={2021}
}

@book{morrison2019designing,
  title={Designing effective instruction},
  author={Morrison, Gary R and Ross, Steven J and Morrison, Jennifer R and Kalman, Howard K},
  year={2019},
  publisher={John Wiley \& Sons}
}


@online{cohen2023crawling,
	author = {Cohen, Roi and Geva, Mor and Berant, Jonathan and Globerson, Amir},
	title = {Crawling The Internal Knowledge-Base of Language Models},
	url = {https://arxiv.org/abs/2301.12810},
	addendum = {(accessed: 01.03.2023)},
	year={2023}
}


@online{west2022symbolic,
	author = {West, Peter and Bhagavatula, Chandra and et al.},
	title = {Symbolic Knowledge Distillation: from General Language Models to Commonsense Models},
	url = {https://arxiv.org/abs/2110.07178},
	addendum = {(accessed: 01.03.2023)}
}

@article{yang2015concept,
	title={Concept graph learning from educational data},
	author={Yang, Y. and Liu, H. and Carbonell, J. and Ma, W.},
	journal={in WSDM},
	pages={159-168},
	year={2015}
	}
	
	@inproceedings{gordon-etal-2016-modeling,
    title = "Modeling Concept Dependencies in a Scientific Corpus",
    author = "Gordon, Jonathan  and
      Zhu, Linhong  and
      Galstyan, Aram  and
      Natarajan, Prem  and
      Burns, Gully",
    booktitle = "Proceedings of the 54th Annual Meeting of the Association for Computational Linguistics (Volume 1: Long Papers)",
    month = aug,
    year = "2016",
    address = "Berlin, Germany",
    publisher = "Association for Computational Linguistics",
    url = "https://aclanthology.org/P16-1082",
    doi = "10.18653/v1/P16-1082",
    pages = "866--875",
}

@inproceedings{vuong2011method,
  title={A Method for Finding Prerequisites Within a Curriculum.},
  author={Vuong, Annalies and Nixon, Tristan and Towle, Brendon},
  booktitle={EDM},
  pages={211--216},
  year={2011}
}

@inproceedings{wang2016prerequisite,
  title={Prerequisite concept maps extraction for automatic assessment},
  author={Wang, Shuting and Liu, Lei},
  booktitle={Proceedings of the 25th International Conference Companion on World Wide Web},
  pages={519--521},
  year={2016}
}

@article{merrill1983component,
  title={Component display theory},
  author={Merrill, M David},
  journal={Instructional-design theories and models: An overview of their current status},
  volume={1},
  pages={282--333},
  year={1983}
}


@article{pavlik2008using,
  title={Using Item-Type Performance Covariance to Improve the Skill Model of an Existing Tutor.},
  author={Pavlik Jr, Philip I and Cen, Hao and Wu, Lili and Koedinger, Kenneth R},
  journal={Online Submission},
  year={2008},
  publisher={ERIC}
}

@inproceedings{liang2015measuring,
  title={Measuring prerequisite relations among concepts},
  author={Liang, Chen and Wu, Zhaohui and Huang, Wenyi and Giles, C Lee},
  booktitle={Proceedings of the 2015 conference on empirical methods in natural language processing},
  pages={1668--1674},
  year={2015}
}

@article{gasparetti2022discovering,
  title={Discovering prerequisite relations from educational documents through word embeddings},
  author={Gasparetti, Fabio},
  journal={Future Generation Computer Systems},
  volume={127},
  pages={31--41},
  year={2022},
  publisher={Elsevier}
}

@inproceedings{sun2022conlearn,
  title={ConLearn: Contextual-knowledge-aware Concept Prerequisite Relation Learning with Graph Neural Network},
  author={Sun, Hao and Li, Yuntao and Zhang, Yan},
  booktitle={Proceedings of the 2022 SIAM International Conference on Data Mining (SDM)},
  pages={118--126},
  year={2022},
  organization={SIAM}
}